
@article{sutton_comprehensive_2022,
	title = {Comprehensive evaluation of deconvolution methods for human brain gene expression},
	volume = {13},
	copyright = {2022 The Author(s)},
	issn = {2041-1723},
	url = {https://www.nature.com/articles/s41467-022-28655-4},
	doi = {10.1038/s41467-022-28655-4},
	language = {en},
	number = {1},
	urldate = {2023-03-27},
	journal = {Nature Communications},
	author = {Sutton, Gavin J. and Poppe, Daniel and Simmons, Rebecca K. and Walsh, Kieran and Nawaz, Urwah and Lister, Ryan and Gagnon-Bartsch, Johann A. and Voineagu, Irina},
	month = mar,
	year = {2022},
	note = {Number: 1
Publisher: Nature Publishing Group},
	keywords = {Gene expression, Transcriptomics},
	pages = {1358},
}

@article{sturm_comprehensive_2019,
	title = {Comprehensive evaluation of transcriptome-based cell-type quantification methods for immuno-oncology},
	volume = {35},
	issn = {1367-4803},
	url = {https://doi.org/10.1093/bioinformatics/btz363},
	doi = {10.1093/bioinformatics/btz363},
	number = {14},
	urldate = {2023-03-27},
	journal = {Bioinformatics},
	author = {Sturm, Gregor and Finotello, Francesca and Petitprez, Florent and Zhang, Jitao David and Baumbach, Jan and Fridman, Wolf H and List, Markus and Aneichyk, Tatsiana},
	month = jul,
	year = {2019},
	pages = {i436--i445},
}
